<?xml version="1.0" encoding="utf-8"?>
<record xmlns="http://www.loc.gov/MARC21/slim" xmlns:xsi="http://www.w3.org/2001/XMLSchema-instance" xsi:schemaLocation="http://www.loc.gov/MARC21/slim http://www.loc.gov/standards/marcxml/schema/MARC21slim.xsd">
	<leader>     nam a22     Mi 4500</leader>
	<controlfield tag="001">b12783390</controlfield>
	<controlfield tag="003">LeBAU</controlfield>
	<controlfield tag="006">m        d        </controlfield>
	<controlfield tag="007">cr cn |||m|||a</controlfield>
	<controlfield tag="008">180604s1954    le      o     1|0 0 ara d</controlfield>
	<datafield ind1=" " ind2=" " tag="040">
		<subfield code="a">ZYU</subfield>
		<subfield code="b">ara</subfield>
		<subfield code="e">rda</subfield>
		<subfield code="c">ZYU</subfield>
	</datafield>
	<datafield ind1="0" ind2=" " tag="041">
		<subfield code="a">ara</subfield>
		<subfield code="b">eng</subfield>
	</datafield>
	<datafield ind1="0" ind2="4" tag="082">
		<subfield code="a">354.56</subfield>
		<subfield code="2">20</subfield>
	</datafield>
	<datafield ind1="2" ind2=" " tag="111">
		<subfield code="6">880-01</subfield>
		<subfield code="a">Mu’tamar al-Idārah al-‘Āmmah al-Ārabī</subfield>
		<subfield code="d">(1954 :</subfield>
		<subfield code="c">Beirut, Lebanon)</subfield>
	</datafield>
	<datafield ind1="1" ind2="0" tag="245">
		<subfield code="6">880-02</subfield>
		<subfield code="a">Mu’tamar al-Idārah al-‘Āmmah al-Ārabī, 1954 /</subfield>
		<subfield code="c">bi-ri‘āyat Dā’irat al-Idārah al-‘Āmmah fī al-Jāmi‘ah al-Amīrikīyah fī Bayrūt.</subfield>
	</datafield>
	<datafield ind1="1" ind2="5" tag="246">
		<subfield code="a">Arab Public Administration conference, 1954</subfield>
	</datafield>
	<datafield ind1=" " ind2="1" tag="264">
		<subfield code="6">880-03</subfield>
		<subfield code="a">Bayrūt :</subfield>
		<subfield code="b">Maṭābiʻ Dār al-Kashshāf,</subfield>
		<subfield code="c">1954.</subfield>
	</datafield>
	<datafield ind1=" " ind2=" " tag="300">
		<subfield code="6">880-04</subfield>
		<subfield code="a">online resource (63, 19 pages)</subfield>
	</datafield>
	<datafield ind1=" " ind2=" " tag="336">
		<subfield code="a">text</subfield>
		<subfield code="2">rdacontent</subfield>
	</datafield>
	<datafield ind1=" " ind2=" " tag="337">
		<subfield code="a">computer</subfield>
		<subfield code="2">rdamedia</subfield>
	</datafield>
	<datafield ind1=" " ind2=" " tag="338">
		<subfield code="a">online resource</subfield>
		<subfield code="2">rdacarrier</subfield>
	</datafield>
	<datafield ind1=" " ind2=" " tag="500">
		<subfield code="a">عقد المؤتمر ايام 30، 31 تموز واول آب 1954</subfield>
	</datafield>
	<datafield ind1=" " ind2=" " tag="500">
		<subfield code="a">Part of the Arabic Collections Online (ACO) project, contributed by American University of Beirut's Jafet Memorial Library.</subfield>
	</datafield>
	<datafield ind1=" " ind2=" " tag="533">
		<subfield code="a">Electronic reproduction.</subfield>
		<subfield code="b">New York, N.Y. :</subfield>
		<subfield code="c">New York University,</subfield>
		<subfield code="d">2018.</subfield>
		<subfield code="5">NNU</subfield>
	</datafield>
	<datafield ind1=" " ind2=" " tag="546">
		<subfield code="a">النص بالعربية؛ مع ملخص بالإنجليزية.</subfield>
	</datafield>
	<datafield ind1=" " ind2="4" tag="650">
		<subfield code="a">الادارة العامة</subfield>
		<subfield code="z">البلدان العربية</subfield>
		<subfield code="v">مؤتمرات.</subfield>
	</datafield>
	<datafield ind1=" " ind2="0" tag="650">
		<subfield code="a">Public administration</subfield>
		<subfield code="z">Arab countries</subfield>
		<subfield code="v">Congresses.</subfield>
	</datafield>
	<datafield ind1="2" ind2=" " tag="710">
		<subfield code="6">880-05</subfield>
		<subfield code="a">American University of Beirut.</subfield>
		<subfield code="b">Dā’irat al-Idārah al-‘Āmmah,</subfield>
		<subfield code="e">sponsor.</subfield>
	</datafield>
	<datafield ind1="2" ind2=" " tag="710">
		<subfield code="a">Jafet Memorial Library.</subfield>
	</datafield>
	<datafield ind1="0" ind2=" " tag="730">
		<subfield code="a">Arabic Collections Online.</subfield>
	</datafield>
	<datafield ind1="0" ind2="8" tag="776">
		<subfield code="i">Print version:</subfield>
		<subfield code="t">Mu’tamar al-Idārah al-‘Āmmah al-Ārabī, 1954</subfield>
		<subfield code="w">(LeBAU)b12783390</subfield>
	</datafield>
	<datafield ind1="4" ind2="0" tag="856">
		<subfield code="u">http://hdl.handle.net/2333.1/vhhmgxxf</subfield>
	</datafield>
	<datafield ind1="2" ind2=" " tag="880">
		<subfield code="6">111-01</subfield>
		<subfield code="a">مؤتمر الإدارة العامة العربي</subfield>
		<subfield code="d">(1954 :</subfield>
		<subfield code="c">بيروت، لبنان)</subfield>
	</datafield>
	<datafield ind1="1" ind2="0" tag="880">
		<subfield code="6">245-02</subfield>
		<subfield code="a">مؤتمر الادارة العامة العربي، 1954 /</subfield>
		<subfield code="c">برعاية دائرة الإدارة العامة في الجامعة الأميركية في بيروت.</subfield>
	</datafield>
	<datafield ind1=" " ind2="1" tag="880">
		<subfield code="6">264-03</subfield>
		<subfield code="a">بيروت :</subfield>
		<subfield code="b">مطابع دار الكشاف،</subfield>
		<subfield code="c">1954.</subfield>
	</datafield>
	<datafield ind1=" " ind2=" " tag="880">
		<subfield code="6">300-04</subfield>
		<subfield code="a">63، 19 صفحة ؛</subfield>
		<subfield code="c">25 سم</subfield>
	</datafield>
	<datafield ind1="2" ind2=" " tag="880">
		<subfield code="6">710-05</subfield>
		<subfield code="a">الجامعة الاميركية في بيروت.</subfield>
		<subfield code="b">دائرة الإدارة العامة،</subfield>
		<subfield code="e">راعي. </subfield>
		<subfield code="4">spn.</subfield>
	</datafield>
	<datafield ind1=" " ind2=" " tag="959">
		<subfield code="a">NNU</subfield>
		<subfield code="b">WEB</subfield>
		<subfield code="c">GENI</subfield>
		<subfield code="t">0</subfield>
		<subfield code="m">Electronic access</subfield>
		<subfield code="s">01</subfield>
	</datafield>
	<datafield ind1=" " ind2=" " tag="999">
		<subfield code="i">LeBAU_b12783390</subfield>
		<subfield code="s">aub_aco001988</subfield>
		<subfield code="e">(ERROR-880)(ERROR-MISC)</subfield>
	</datafield>
</record>
